@article{gwtc1, %name
  title = {GWTC-1: A Gravitational-Wave Transient Catalog of Compact Binary Mergers Observed by LIGO and Virgo during the First and Second Observing Runs},
  author = {Abbott, B. P. and Abbott, R. and Abbott, T. D. and Abraham, S. and Acernese, F. and Ackley, K. and Adams, C. and Adhikari, R. X. and Adya, V. B. and Affeldt, C. and Agathos, M. and Agatsuma, K. and Aggarwal, N. and Aguiar, O. D. and Aiello, L. and Ain, A. and Ajith, P. and Allen, G. and Allocca, A.},
  collaboration = {LIGO Scientific Collaboration and Virgo Collaboration},
  journal = {Phys. Rev. X},
  volume = {9},
  issue = {3},
  pages = {031040},
  numpages = {49},
  year = {2019},
  month = {Sep},
  publisher = {American Physical Society},
  doi = {10.1103/PhysRevX.9.031040},
  url = {https://link.aps.org/doi/10.1103/PhysRevX.9.031040}
}

@unknown{gwtc2, %name
author = {Abbott, R. and Abbott, T. and Abraham, Sheelu and Acernese, F. and Ackley, K. and Adams, A. and Adams, C. and Adya, V. and Affeldt, C. and Agathos, M. and Agatsuma, Kazuhiro and Aggarwal, Nikita and Aguiar, O. and Aiello, L. and Ain, Anirban and Ajith, P. and Akcay, S. and Allen, G.},
year = {2020},
month = {10},
pages = {},
title = {GWTC-2: Compact Binary Coalescences Observed by LIGO and Virgo During the First Half of the Third Observing Run}
}

@article{schultz2009review, %name
  title={Physics, astrophysics and cosmology with gravitational waves},
  author={Sathyaprakash, Bangalore Suryanarayana and Schutz, Bernard F},
  journal={Living reviews in relativity},
  volume={12},
  number={1},
  pages={2},
  year={2009},
  publisher={Springer}
}

@phdthesis{bayley2020phd, %name 
  title={Non-parametric and machine learning techniques for continuous gravitational wave searches}, author={Bayley, Joseph Charles}, 
  year={2020}
}

@book{sivia2006textbook, %name
  title={Data analysis: a Bayesian tutorial},
  author={Sivia, Devinderjit and Skilling, John},
  year={2006},
  publisher={OUP Oxford}
}

@article{mlreview2020, %name
  title={Enhancing Gravitational-Wave Science with Machine Learning},
  author={Cuoco, Elena and Powell, Jade and Cavagli{\`a}, Marco and Ackley, Kendall and Bejger, Michal and Chatterjee, Chayan and Coughlin, Michael and Coughlin, Scott and Easter, Paul and Essick, Reed and others},
  journal={arXiv preprint arXiv:2005.03745},
  year={2020}
}

@article{vitpaper, %name
  title={Bayesian parameter estimation using conditional variational autoencoders for gravitational-wave astronomy},
  author={Gabbard, Hunter and Messenger, Chris and Heng, Ik Siong and Tonolini, Francesco and Murray-Smith, Roderick},
  journal={arXiv preprint arXiv:1909.06296},
  year={2019}
}

@article{gabbard2018matching, %name
  title={Matching matched filtering with deep networks for gravitational-wave astronomy},
  author={Gabbard, Hunter and Williams, Michael and Hayes, Fergus and Messenger, Chris},
  journal={Physical review letters},
  volume={120},
  number={14},
  pages={141103},
  year={2018},
  publisher={APS}
}

@article{cwml2019, %name
  title={Deep-learning continuous gravitational waves},
  author={Dreissigacker, Christoph and Sharma, Rahul and Messenger, Chris and Zhao, Ruining and Prix, Reinhard},
  journal={Physical Review D},
  volume={100},
  number={4},
  pages={044009},
  year={2019},
  publisher={APS}
}

@article{abbott2016observation, %name
  title={Observation of gravitational waves from a binary black hole merger},
  author={Abbott, Benjamin P and Abbott, Richard and Abbott, TD and Abernathy, MR and Acernese, Fausto and Ackley, Kendall and Adams, Carl and Adams, Thomas and Addesso, Paolo and Adhikari, RX and others},
  journal={Physical review letters},
  volume={116},
  number={6},
  pages={061102},
  year={2016},
  publisher={APS}
}

@article{tensorflow, %name
  title={Tensorflow: Large-scale machine learning on heterogeneous distributed systems},
  author={Abadi, Mart{\'\i}n and Agarwal, Ashish and Barham, Paul and Brevdo, Eugene and Chen, Zhifeng and Citro, Craig and Corrado, Greg S and Davis, Andy and Dean, Jeffrey and Devin, Matthieu and others},
  journal={arXiv preprint arXiv:1603.04467},
  year={2016}
}

@article{einstein1, %name
  author={Einstein, A.},
  journal={Sitzungsber. K. Preuss. Akad. Wiss},
  volume={1},
  number={688},
  year={1916},
}

@article{advancedLIGO, %name
   title={Advanced LIGO},
   volume={32},
   ISSN={1361-6382},
   url={http://dx.doi.org/10.1088/0264-9381/32/7/074001},
   DOI={10.1088/0264-9381/32/7/074001},
   number={7},
   journal={Classical and Quantum Gravity},
   publisher={IOP Publishing},
   author={Aasi, J and Abbott, B P and Abbott, R and Abbott, T and Abernathy, M R and Ackley, K and Adams, C and Adams, T and Addesso, P and et al.},
   year={2015},
   month={Mar},
   pages={074001}
}

@article{advacnedVIRGO, %name
  title={Advanced Virgo: a second-generation interferometric gravitational wave detector},
  author={Acernese, F and Agathos, M and Agatsuma, K and Aisa, D and Allemandou, N and Allocca, A and Amarni, J and Astone, P and Balestri, G and Ballardin, G and others},
  journal={Classical and Quantum Gravity},
  volume={32},
  number={2},
  pages={024001},
  year={2014},
  publisher={IOP Publishing}
}

@article{BBHO1, %name
  title = {Binary Black Hole Mergers in the First Advanced LIGO Observing Run},
  author = {Abbott, B. P. and Abbott, R. and Abbott, T. D. and Abernathy, M. R. and Acernese, F. and Ackley, K. and others},
  collaboration = {LIGO Scientific Collaboration and Virgo Collaboration},
  journal = {Phys. Rev. X},
  volume = {6},
  issue = {4},
  pages = {041015},
  numpages = {36},
  year = {2016},
  month = {Oct},
  publisher = {American Physical Society},
  doi = {10.1103/PhysRevX.6.041015},
  url = {https://link.aps.org/doi/10.1103/PhysRevX.6.041015}
}
